@article {AD,
    AUTHOR = {Alev, Jacques and Dumas, Fran{\c c}ois},
     TITLE = {Invariants du corps de {W}eyl sous l'action de groupes finis},
   JOURNAL = {Comm. Algebra},
  FJOURNAL = {Communications in Algebra},
    VOLUME = {25},
      YEAR = {1997},
    NUMBER = {5},
     PAGES = {1655--1672},
      ISSN = {0092-7872,1532-4125},
   MRCLASS = {16W20},
  MRNUMBER = {1444026},
MRREVIEWER = {Michel\ Van den Bergh},
       DOI = {10.1080/00927879708825943},
       URL = {https://doi.org/10.1080/00927879708825943},
}
@article {AFLS,
    AUTHOR = {Alev, Jacques and Farinati, Marco A. and Lambre, Thierry and
        Solotar, Andrea L.},
     TITLE = {Homologie des invariants d'une alg\`ebre de {W}eyl sous
              l'action d'un groupe fini},
   JOURNAL = {J. Algebra},
  FJOURNAL = {Journal of Algebra},
    VOLUME = {232},
      YEAR = {2000},
    NUMBER = {2},
     PAGES = {564--577},
      ISSN = {0021-8693,1090-266X},
   MRCLASS = {16W22 (16E40)},
  MRNUMBER = {1792746},
MRREVIEWER = {Kenneth\ A.\ Brown},
       DOI = {10.1006/jabr.2000.8406},
       URL = {https://doi.org/10.1006/jabr.2000.8406},
}
@article {A,
     TITLE = {{$Q$}-binomials at roots of unity},
    AUTHOR = {Per Alexandersson},
   JOURNAL = {MathOverflow},
      YEAR = {2017},
      NOTE = {(version: 2017-09-09)},
    EPRINT = {https://mathoverflow.net/q/280739},
       URL = {https://mathoverflow.net/q/280739}
}
@book {AAR,
    AUTHOR = {Andrews, George E. and Askey, Richard and Roy, Ranjan},
     TITLE = {Special functions},
    SERIES = {Encyclopedia of Mathematics and its Applications},
    VOLUME = {71},
 PUBLISHER = {Cambridge University Press, Cambridge},
      YEAR = {1999},
     PAGES = {xvi+664},
      ISBN = {0-521-62321-9; 0-521-78988-5},
   MRCLASS = {33-01 (33-02)},
  MRNUMBER = {1688958},
MRREVIEWER = {Bruce\ C.\ Berndt},
       DOI = {10.1017/CBO9781107325937},
       URL = {https://doi.org/10.1017/CBO9781107325937},
}
@article {AS,
    AUTHOR = {Artin, Michael and Stafford, J. Toby},
     TITLE = {Noncommutative graded domains with quadratic growth},
   JOURNAL = {Invent. Math.},
  FJOURNAL = {Inventiones Mathematicae},
    VOLUME = {122},
      YEAR = {1995},
    NUMBER = {2},
     PAGES = {231--276},
      ISSN = {0020-9910,1432-1297},
   MRCLASS = {16P90 (16W50)},
  MRNUMBER = {1358976},
MRREVIEWER = {Michel\ Van den Bergh},
       DOI = {10.1007/BF01231444},
       URL = {https://doi.org/10.1007/BF01231444},
}
@article {BM,
    AUTHOR = {Bahturin, Yuri and Montgomery, Susan},
     TITLE = {Group gradings and actions of pointed {H}opf algebras},
   JOURNAL = {J. Algebra Appl.},
  FJOURNAL = {Journal of Algebra and its Applications},
    VOLUME = {20},
      YEAR = {2021},
    NUMBER = {1},
     PAGES = {Paper No. 2140011, 40},
      ISSN = {0219-4988,1793-6829},
   MRCLASS = {16T05 (16W50)},
  MRNUMBER = {4209965},
MRREVIEWER = {Yuan\ Shen},
       DOI = {10.1142/S0219498821400119},
       URL = {https://doi.org/10.1142/S0219498821400119},
}
@article {BB,
    AUTHOR = {Banica, Teodor and Bichon, Julien},
     TITLE = {Hopf images and inner faithful representations},
   JOURNAL = {Glasg. Math. J.},
  FJOURNAL = {Glasgow Mathematical Journal},
    VOLUME = {52},
      YEAR = {2010},
    NUMBER = {3},
     PAGES = {677--703},
      ISSN = {0017-0895,1469-509X},
   MRCLASS = {16T05},
  MRNUMBER = {2679923},
MRREVIEWER = {Akira\ Masuoka},
       DOI = {10.1017/S0017089510000510},
       URL = {https://doi.org/10.1017/S0017089510000510},
}
@article {Bardzell,
    AUTHOR = {Bardzell, Michael J.},
     TITLE = {The alternating syzygy behavior of monomial algebras},
   JOURNAL = {J. Algebra},
  FJOURNAL = {Journal of Algebra},
    VOLUME = {188},
      YEAR = {1997},
    NUMBER = {1},
     PAGES = {69--89},
      ISSN = {0021-8693,1090-266X},
   MRCLASS = {16E40 (16G20)},
  MRNUMBER = {1432347},
MRREVIEWER = {D.\ Zacharia},
       DOI = {10.1006/jabr.1996.6813},
       URL = {https://doi.org/10.1006/jabr.1996.6813},
}
@article {BLO:1,
    AUTHOR = {Benkart, Georgia and Lopes, Samuel A. and Ondrus, Matthew},
     TITLE = {A parametric family of subalgebras of the {W}eyl algebra {I}.
              {S}tructure and automorphisms},
   JOURNAL = {Trans. Amer. Math. Soc.},
  FJOURNAL = {Transactions of the American Mathematical Society},
    VOLUME = {367},
      YEAR = {2015},
    NUMBER = {3},
     PAGES = {1993--2021},
      ISSN = {0002-9947,1088-6850},
   MRCLASS = {16S36 (16S32 16W20)},
  MRNUMBER = {3286506},
MRREVIEWER = {K.\ R.\ Goodearl},
       DOI = {10.1090/S0002-9947-2014-06144-8},
       URL = {https://doi.org/10.1090/S0002-9947-2014-06144-8},
}
@incollection {BLO:2,
    AUTHOR = {Benkart, Georgia and Lopes, Samuel A. and Ondrus, Matthew},
     TITLE = {A parametric family of subalgebras of the {W}eyl algebra {II}.
              {I}rreducible modules},
 BOOKTITLE = {Recent developments in algebraic and combinatorial aspects of
              representation theory},
    SERIES = {Contemp. Math.},
    VOLUME = {602},
     PAGES = {73--98},
 PUBLISHER = {Amer. Math. Soc., Providence, RI},
      YEAR = {2013},
      ISBN = {978-0-8218-9037-0},
   MRCLASS = {16S36 (05E15 16D60)},
  MRNUMBER = {3203899},
MRREVIEWER = {K.\ R.\ Goodearl},
       DOI = {10.1090/conm/602/12027},
       URL = {https://doi.org/10.1090/conm/602/12027},
}
@article {BLO:3,
    AUTHOR = {Benkart, Georgia and Lopes, Samuel A. and Ondrus, Matthew},
     TITLE = {Derivations of a parametric family of subalgebras of the
              {W}eyl algebra},
   JOURNAL = {J. Algebra},
  FJOURNAL = {Journal of Algebra},
    VOLUME = {424},
      YEAR = {2015},
     PAGES = {46--97},
      ISSN = {0021-8693,1090-266X},
   MRCLASS = {16S36 (16W25)},
  MRNUMBER = {3293213},
MRREVIEWER = {Kenneth\ Lee\ Price},
       DOI = {10.1016/j.jalgebra.2014.11.007},
       URL = {https://doi.org/10.1016/j.jalgebra.2014.11.007},
}
@article {Bergen,
    AUTHOR = {Bergen, Jeffrey},
     TITLE = {{$X$}-inner automorphisms, automorphisms, and isomorphisms of
              skew polynomial rings},
   JOURNAL = {Comm. Algebra},
  FJOURNAL = {Communications in Algebra},
    VOLUME = {31},
      YEAR = {2003},
    NUMBER = {2},
     PAGES = {1007--1029},
      ISSN = {0092-7872,1532-4125},
   MRCLASS = {16W20 (16S36)},
  MRNUMBER = {1968937},
MRREVIEWER = {Lionel\ Richard},
       DOI = {10.1081/AGB-120017356},
       URL = {https://doi.org/10.1081/AGB-120017356},
}
@book {Carter,
    AUTHOR = {Carter, Roger William},
     TITLE = {Lie algebras of finite and affine type},
    SERIES = {Cambridge Studies in Advanced Mathematics},
    VOLUME = {96},
 PUBLISHER = {Cambridge University Press, Cambridge},
      YEAR = {2005},
     PAGES = {xviii+632},
      ISBN = {978-0-521-85138-1; 0-521-85138-6},
   MRCLASS = {17-02 (17B67)},
  MRNUMBER = {2188930},
MRREVIEWER = {Stephen\ Slebarski},
       DOI = {10.1017/CBO9780511614910},
       URL = {https://doi.org/10.1017/CBO9780511614910},
}
@article {CY,
    AUTHOR = {Centrone, Lucio and Yasumura, Felipe},
     TITLE = {Actions of {T}aft's algebras on finite dimensional algebras},
   JOURNAL = {J. Algebra},
  FJOURNAL = {Journal of Algebra},
    VOLUME = {560},
      YEAR = {2020},
     PAGES = {725--744},
      ISSN = {0021-8693,1090-266X},
   MRCLASS = {16T05 (16W50)},
  MRNUMBER = {4111735},
MRREVIEWER = {Gast\'{o}n\ Andr\'{e}s\ Garc\'{\i}a},
       DOI = {10.1016/j.jalgebra.2020.06.007},
       URL = {https://doi.org/10.1016/j.jalgebra.2020.06.007},
}
@article {Cline,
    AUTHOR = {Cline, Zachary},
     TITLE = {On actions of {D}rinfel'd doubles on finite dimensional
              algebras},
   JOURNAL = {J. Pure Appl. Algebra},
  FJOURNAL = {Journal of Pure and Applied Algebra},
    VOLUME = {223},
      YEAR = {2019},
    NUMBER = {8},
     PAGES = {3635--3664},
      ISSN = {0022-4049,1873-1376},
   MRCLASS = {16T05 (16P10 81R50)},
  MRNUMBER = {3926231},
MRREVIEWER = {Ehud\ Meir},
       DOI = {10.1016/j.jpaa.2018.11.022},
       URL = {https://doi.org/10.1016/j.jpaa.2018.11.022},
}
@article {CG,
    AUTHOR = {Cline, Zachary and Gaddis, Jason},
     TITLE = {Actions of quantum linear spaces on quantum algebras},
   JOURNAL = {J. Algebra},
  FJOURNAL = {Journal of Algebra},
    VOLUME = {556},
      YEAR = {2020},
     PAGES = {246--286},
      ISSN = {0021-8693,1090-266X},
   MRCLASS = {16T05 (16S36 16W50 16W70)},
  MRNUMBER = {4082335},
MRREVIEWER = {Xingting\ Wang},
       DOI = {10.1016/j.jalgebra.2020.03.011},
       URL = {https://doi.org/10.1016/j.jalgebra.2020.03.011},
}
@book {Comtet,
    AUTHOR = {Comtet, Louis},
     TITLE = {Advanced combinatorics},
   EDITION = {enlarged},
      NOTE = {The art of finite and infinite expansions},
 PUBLISHER = {D. Reidel Publishing Co., Dordrecht},
      YEAR = {1974},
     PAGES = {xi+343},
      ISBN = {90-277-0441-4},
   MRCLASS = {05-02},
  MRNUMBER = {460128},
}
@article {Desarmenien,
    AUTHOR = {D\'{e}sarm\'{e}nien, Jacques},
     TITLE = {Un analogue des congruences de {K}ummer pour les {$q$}-nombres
              d'{E}uler},
   JOURNAL = {European J. Combin.},
  FJOURNAL = {European Journal of Combinatorics},
    VOLUME = {3},
      YEAR = {1982},
    NUMBER = {1},
     PAGES = {19--28},
      ISSN = {0195-6698,1095-9971},
   MRCLASS = {05A15 (10A40)},
  MRNUMBER = {656008},
MRREVIEWER = {Wells\ Johnson},
       DOI = {10.1016/S0195-6698(82)80005-X},
       URL = {https://doi.org/10.1016/S0195-6698(82)80005-X},
}
@article {DP,
    AUTHOR = {D\'{\i}az, Rafael and Pariguan, Eddy},
     TITLE = {On hypergeometric functions and {P}ochhammer {$k$}-symbol},
   JOURNAL = {Divulg. Mat.},
  FJOURNAL = {Revista Matem\'{a}tica de la Universidad del Zulia.
              Divulgaciones Matem\'{a}ticas},
    VOLUME = {15},
      YEAR = {2007},
    NUMBER = {2},
     PAGES = {179--192},
      ISSN = {1315-2068},
   MRCLASS = {33C05 (33D15)},
  MRNUMBER = {2422409},
MRREVIEWER = {Renato\ \'{A}lvarez-Nodarse},
}
@book {Dijkstra,
    AUTHOR = {Dijkstra, Edsger W.},
     TITLE = {A discipline of programming},
    SERIES = {Prentice-Hall Series in Automatic Computation},
      NOTE = {With a foreword by C. A. R. Hoare},
 PUBLISHER = {Prentice-Hall, Inc., Englewood Cliffs, NJ},
      YEAR = {1976},
     PAGES = {xvii+217},
      ISBN = {0-13-215871-X},
   MRCLASS = {68A05},
  MRNUMBER = {660283},
}
@article {Dixmier:1,
    AUTHOR = {Dixmier, Jacques},
     TITLE = {Repr\'{e}sentations irr\'{e}ductibles des alg\`ebres de {L}ie
              r\'{e}solubles},
   JOURNAL = {J. Math. Pures Appl. (9)},
  FJOURNAL = {Journal de Math\'{e}matiques Pures et Appliqu\'{e}es.
              Neuvi\`eme S\'{e}rie},
    VOLUME = {45},
      YEAR = {1966},
     PAGES = {1--66},
      ISSN = {0021-7824,1776-3371},
   MRCLASS = {22.60 (17.30)},
  MRNUMBER = {200393},
MRREVIEWER = {C.\ W.\ Curtis},
}
@book {Dixmier:2,
    AUTHOR = {Dixmier, Jacques},
     TITLE = {Enveloping algebras},
    SERIES = {Graduate Studies in Mathematics},
    VOLUME = {11},
      NOTE = {Revised reprint of the 1977 translation},
 PUBLISHER = {American Mathematical Society, Providence, RI},
      YEAR = {1996},
     PAGES = {xx+379},
      ISBN = {0-8218-0560-6},
   MRCLASS = {17B35},
  MRNUMBER = {1393197},
       DOI = {10.1090/gsm/011},
       URL = {https://doi.org/10.1090/gsm/011},
}
@article {Dixmier:3,
    AUTHOR = {Dixmier, Jacques},
     TITLE = {Sur les alg\`ebres de {W}eyl},
   JOURNAL = {Bull. Soc. Math. France},
  FJOURNAL = {Bulletin de la Soci\'{e}t\'{e} Math\'{e}matique de France},
    VOLUME = {96},
      YEAR = {1968},
     PAGES = {209--242},
      ISSN = {0037-9484},
   MRCLASS = {16.60 (22.00)},
  MRNUMBER = {242897},
MRREVIEWER = {N.\ R.\ Wallach},
       URL = {http://www.numdam.org/item?id=BSMF_1968__96__209_0},
}
@article {Fitting,
    AUTHOR = {Fitting, Hans},
     TITLE = {\"{U}ber den {Z}usammenhang zwischen dem {B}egriff der
              {G}leichartigkeit zweier {I}deale und dem
              \"{A}quivalenzbegriff der {E}lementarteilertheorie},
   JOURNAL = {Math. Ann.},
  FJOURNAL = {Mathematische Annalen},
    VOLUME = {112},
      YEAR = {1936},
    NUMBER = {1},
     PAGES = {572--582},
      ISSN = {0025-5831,1432-1807},
   MRCLASS = {99-04},
  MRNUMBER = {1513062},
       DOI = {10.1007/BF01565430},
       URL = {https://doi.org/10.1007/BF01565430},
}
@article {GW,
    AUTHOR = {Gaddis, Jason and Won, Robert},
     TITLE = {Pointed {H}opf actions on quantum generalized {W}eyl algebras},
   JOURNAL = {J. Algebra},
  FJOURNAL = {Journal of Algebra},
    VOLUME = {601},
      YEAR = {2022},
     PAGES = {312--331},
      ISSN = {0021-8693,1090-266X},
   MRCLASS = {16T05 (16W50)},
  MRNUMBER = {4398413},
MRREVIEWER = {Yuan\ Shen},
       DOI = {10.1016/j.jalgebra.2022.03.005},
       URL = {https://doi.org/10.1016/j.jalgebra.2022.03.005},
}
@article {GWY,
    AUTHOR = {Gaddis, Jason and Won, Robert and Yee, Daniel},
     TITLE = {Discriminants of {T}aft algebra smash products and
              applications},
   JOURNAL = {Algebr. Represent. Theory},
  FJOURNAL = {Algebras and Representation Theory},
    VOLUME = {22},
      YEAR = {2019},
    NUMBER = {4},
     PAGES = {785--799},
      ISSN = {1386-923X,1572-9079},
   MRCLASS = {16W20 (16S36 16S40 16W22)},
  MRNUMBER = {3985140},
MRREVIEWER = {Tao\ Yang},
       DOI = {10.1007/s10468-018-9798-0},
       URL = {https://doi.org/10.1007/s10468-018-9798-0},
}
@article {GS,
    AUTHOR = {Gerstenhaber, Murray and Schack, Samuel D.},
     TITLE = {Relative {H}ochschild cohomology, rigid algebras, and the
              {B}ockstein},
   JOURNAL = {J. Pure Appl. Algebra},
  FJOURNAL = {Journal of Pure and Applied Algebra},
    VOLUME = {43},
      YEAR = {1986},
    NUMBER = {1},
     PAGES = {53--74},
      ISSN = {0022-4049,1873-1376},
   MRCLASS = {16A58 (18G25)},
  MRNUMBER = {862872},
MRREVIEWER = {Johannes\ Huebschmann},
       DOI = {10.1016/0022-4049(86)90004-6},
       URL = {https://doi.org/10.1016/0022-4049(86)90004-6},
}
@incollection {Happel,
    AUTHOR = {Happel, Dieter},
     TITLE = {Hochschild cohomology of finite-dimensional algebras},
 BOOKTITLE = {S\'{e}minaire d'{A}lg\`ebre {P}aul {D}ubreil et {M}arie-{P}aul
              {M}alliavin, 39\`eme {A}nn\'{e}e ({P}aris, 1987/1988)},
    SERIES = {Lecture Notes in Math.},
    VOLUME = {1404},
     PAGES = {108--126},
 PUBLISHER = {Springer, Berlin},
      YEAR = {1989},
      ISBN = {3-540-51812-6},
   MRCLASS = {16E40 (16E10 16G20 16P10 16S80 16W50)},
  MRNUMBER = {1035222},
MRREVIEWER = {Claude\ Cibils},
       DOI = {10.1007/BFb0084073},
       URL = {https://doi.org/10.1007/BFb0084073},
}
@article {Harchenko:1,
    AUTHOR = {Har\v{c}enko, Vladislav K.},
     TITLE = {Generalized identities with automorphisms},
   JOURNAL = {Algebra i Logika},
  FJOURNAL = {Akademiya Nauk SSSR. Sibirskoe Otdelenie. Institut Matematiki.
              Algebra i Logika},
    VOLUME = {14},
      YEAR = {1975},
    NUMBER = {2},
     PAGES = {215--237, 241},
      ISSN = {0373-9252},
   MRCLASS = {16A38},
  MRNUMBER = {399153},
MRREVIEWER = {Susan\ Montgomery},
}
@article {Harchenko:2,
    AUTHOR = {Har\v{c}enko, Vladislav K.},
     TITLE = {The {G}alois theory of semiprime rings},
   JOURNAL = {Algebra i Logika},
  FJOURNAL = {Akademiya Nauk SSSR. Sibirskoe Otdelenie. Institut Matematiki.
              Algebra i Logika},
    VOLUME = {16},
      YEAR = {1977},
    NUMBER = {3},
     PAGES = {313--363},
      ISSN = {0373-9252},
   MRCLASS = {16A74},
  MRNUMBER = {573067},
MRREVIEWER = {Witold\ Wi\polhk{e}s\l aw},
}
@book {Henrici,
    AUTHOR = {Henrici, Peter},
     TITLE = {Applied and computational complex analysis. {V}ol. 1},
    SERIES = {Wiley Classics Library},
      NOTE = {Power series---integration---conformal mapping---location of
              zeros,
              Reprint of the 1974 original,
              A Wiley-Interscience Publication},
 PUBLISHER = {John Wiley \& Sons, Inc., New York},
      YEAR = {1988},
     PAGES = {xviii+682},
      ISBN = {0-471-60841-6},
   MRCLASS = {30-02 (65E05)},
  MRNUMBER = {1008928},
}
@article {Hochschild,
    AUTHOR = {Hochschild, G.},
     TITLE = {Semi-simple algebras and generalized derivations},
   JOURNAL = {Amer. J. Math.},
  FJOURNAL = {American Journal of Mathematics},
    VOLUME = {64},
      YEAR = {1942},
     PAGES = {677--694},
      ISSN = {0002-9327,1080-6377},
   MRCLASS = {09.1X},
  MRNUMBER = {7009},
MRREVIEWER = {N.\ Jacobson},
       DOI = {10.2307/2371713},
       URL = {https://doi.org/10.2307/2371713},
}
@book {Jacobson,
    AUTHOR = {Jacobson, Nathan},
     TITLE = {Structure of rings},
    SERIES = {American Mathematical Society Colloquium Publications},
    VOLUME = {Vol. 37},
   EDITION = {Revised},
 PUBLISHER = {American Mathematical Society, Providence, RI},
      YEAR = {1964},
     PAGES = {ix+299},
   MRCLASS = {16.00 (13.00)},
  MRNUMBER = {222106},
MRREVIEWER = {Carl\ Faith},
}
@article {KW,
    AUTHOR = {Kinser, Ryan and Walton, Chelsea},
     TITLE = {Actions of some pointed {H}opf algebras on path algebras of
              quivers},
   JOURNAL = {Algebra Number Theory},
  FJOURNAL = {Algebra \& Number Theory},
    VOLUME = {10},
      YEAR = {2016},
    NUMBER = {1},
     PAGES = {117--154},
      ISSN = {1937-0652,1944-7833},
   MRCLASS = {16T05 (05C20 16G20)},
  MRNUMBER = {3474843},
MRREVIEWER = {Sarah\ J.\ Witherspoon},
       DOI = {10.2140/ant.2016.10.117},
       URL = {https://doi.org/10.2140/ant.2016.10.117},
}
@article {KnW,
    AUTHOR = {Knuth, Donald E. and Wilf, Herbert S.},
     TITLE = {The power of a prime that divides a generalized binomial
              coefficient},
   JOURNAL = {J. Reine Angew. Math.},
  FJOURNAL = {Journal f\"{u}r die Reine und Angewandte Mathematik. [Crelle's
              Journal]},
    VOLUME = {396},
      YEAR = {1989},
     PAGES = {212--219},
      ISSN = {0075-4102,1435-5345},
   MRCLASS = {11B65 (11A99)},
  MRNUMBER = {988552},
MRREVIEWER = {C.\ R.\ Pranesachar},
       DOI = {10.1515/crll.1989.396.212},
       URL = {https://doi.org/10.1515/crll.1989.396.212},
}
@article {LS,
    AUTHOR = {Lyndon, R. C. and Sch\"{u}tzenberger, M. P.},
     TITLE = {The equation {$a\sp{M}=b\sp{N}c\sp{P}$} in a free group},
   JOURNAL = {Michigan Math. J.},
  FJOURNAL = {Michigan Mathematical Journal},
    VOLUME = {9},
      YEAR = {1962},
     PAGES = {289--298},
      ISSN = {0026-2285,1945-2365},
   MRCLASS = {20.10},
  MRNUMBER = {162838},
MRREVIEWER = {M.\ Greendlinger},
       URL = {http://projecteuclid.org/euclid.mmj/1028998766},
}
@book {Lothaire,
    AUTHOR = {Lothaire, M.},
     TITLE = {Combinatorics on words},
    SERIES = {Cambridge Mathematical Library},
      NOTE = {With a foreword by Roger Lyndon and a preface by Dominique
              Perrin,
              Corrected reprint of the 1983 original, with a new preface by
              Perrin},
 PUBLISHER = {Cambridge University Press, Cambridge},
      YEAR = {1997},
     PAGES = {xviii+238},
      ISBN = {0-521-59924-5},
   MRCLASS = {68R15 (03D03 03D40 05A99 20M05)},
  MRNUMBER = {1475463},
       DOI = {10.1017/CBO9780511566097},
       URL = {https://doi.org/10.1017/CBO9780511566097},
}
@article {ML,
    AUTHOR = {Makar-Limanov, Leonid G.},
     TITLE = {On automorphisms of {W}eyl algebra},
   JOURNAL = {Bull. Soc. Math. France},
  FJOURNAL = {Bulletin de la Soci\'{e}t\'{e} Math\'{e}matique de France},
    VOLUME = {112},
      YEAR = {1984},
    NUMBER = {3},
     PAGES = {359--363},
      ISSN = {0037-9484},
   MRCLASS = {16A45 (17B35)},
  MRNUMBER = {794737},
MRREVIEWER = {Marie-Paule\ Malliavin},
       URL = {http://www.numdam.org/item?id=BSMF_1984__112__359_0},
}
@article {MSV,
    AUTHOR = {Merlini, Donatella and Sprugnoli, Renzo and Verri, M. Cecilia},
     TITLE = {The {C}auchy numbers},
   JOURNAL = {Discrete Math.},
  FJOURNAL = {Discrete Mathematics},
    VOLUME = {306},
      YEAR = {2006},
    NUMBER = {16},
     PAGES = {1906--1920},
      ISSN = {0012-365X,1872-681X},
   MRCLASS = {05A15},
  MRNUMBER = {2251571},
MRREVIEWER = {Asamoah\ Nkwanta},
       DOI = {10.1016/j.disc.2006.03.065},
       URL = {https://doi.org/10.1016/j.disc.2006.03.065},
}
@book {Montgomery,
    AUTHOR = {Montgomery, Susan},
     TITLE = {Hopf algebras and their actions on rings},
    SERIES = {CBMS Regional Conference Series in Mathematics},
    VOLUME = {82},
 PUBLISHER = {Conference Board of the Mathematical Sciences, Washington, DC;
              by the American Mathematical Society, Providence, RI},
      YEAR = {1993},
     PAGES = {xiv+238},
      ISBN = {0-8218-0738-2},
   MRCLASS = {16W30},
  MRNUMBER = {1243637},
MRREVIEWER = {E.\ J.\ Taft},
       DOI = {10.1090/cbms/082},
       URL = {https://doi.org/10.1090/cbms/082},
}
@article {MS,
    AUTHOR = {Montgomery, Susan and Schneider, Hans-J{\"{u}}rgen},
     TITLE = {Skew derivations of finite-dimensional algebras and actions of
              the double of the {T}aft {H}opf algebra},
   JOURNAL = {Tsukuba J. Math.},
  FJOURNAL = {Tsukuba Journal of Mathematics},
    VOLUME = {25},
      YEAR = {2001},
    NUMBER = {2},
     PAGES = {337--358},
      ISSN = {0387-4982,2423-821X},
   MRCLASS = {16W25 (16W30)},
  MRNUMBER = {1869767},
MRREVIEWER = {E.\ J.\ Taft},
       DOI = {10.21099/tkbjm/1496164292},
       URL = {https://doi.org/10.21099/tkbjm/1496164292},
}
@article {NW,
    AUTHOR = {Negron, Cris and Witherspoon, Sarah},
     TITLE = {An alternate approach to the {L}ie bracket on {H}ochschild
              cohomology},
   JOURNAL = {Homology Homotopy Appl.},
  FJOURNAL = {Homology, Homotopy and Applications},
    VOLUME = {18},
      YEAR = {2016},
    NUMBER = {1},
     PAGES = {265--285},
      ISSN = {1532-0073,1532-0081},
   MRCLASS = {16E40 (16E05 16S37)},
  MRNUMBER = {3498646},
MRREVIEWER = {Estanislao\ Herscovich},
       DOI = {10.4310/HHA.2016.v18.n1.a14},
       URL = {https://doi.org/10.4310/HHA.2016.v18.n1.a14},
}
@article {Nowicki,
    AUTHOR = {Nowicki, Andrzej},
     TITLE = {Derivations of {O}re extensions of the polynomial ring in one
              variable},
   JOURNAL = {Comm. Algebra},
  FJOURNAL = {Communications in Algebra},
    VOLUME = {32},
      YEAR = {2004},
    NUMBER = {9},
     PAGES = {3651--3672},
      ISSN = {0092-7872,1532-4125},
   MRCLASS = {16S36 (16W25 47B47)},
  MRNUMBER = {2097484},
MRREVIEWER = {Miguel\ Ferrero},
       DOI = {10.1081/AGB-120039638},
       URL = {https://doi.org/10.1081/AGB-120039638},
}
@misc{OEIS,
    AUTHOR ={{OEIS Foundation Inc.}},
      YEAR = {2023}, 
     TITLE = {The {O}n-{L}ine {E}ncyclopedia of {I}nteger {S}equences}, 
       URL = {http://oeis.org},
}
@article {Olive,
    AUTHOR = {Olive, Gloria},
     TITLE = {Generalized powers},
   JOURNAL = {Amer. Math. Monthly},
  FJOURNAL = {American Mathematical Monthly},
    VOLUME = {72},
      YEAR = {1965},
     PAGES = {619--627},
      ISSN = {0002-9890,1930-0972},
   MRCLASS = {40.00},
  MRNUMBER = {178267},
MRREVIEWER = {L.\ Carlitz},
       DOI = {10.2307/2313851},
       URL = {https://doi.org/10.2307/2313851},
}
@article {Radford,
    AUTHOR = {Radford, David E.},
     TITLE = {Finite-dimensional simple-pointed {H}opf algebras},
   JOURNAL = {J. Algebra},
  FJOURNAL = {Journal of Algebra},
    VOLUME = {211},
      YEAR = {1999},
    NUMBER = {2},
     PAGES = {686--710},
      ISSN = {0021-8693,1090-266X},
   MRCLASS = {16W30},
  MRNUMBER = {1666665},
MRREVIEWER = {E.\ J.\ Taft},
       DOI = {10.1006/jabr.1998.7613},
       URL = {https://doi.org/10.1006/jabr.1998.7613},
}
@article {RR,
    AUTHOR = {Redondo, Mar\'{\i}a Julia and Rom\'{a}n, Lucrecia},
     TITLE = {Gerstenhaber algebra structure on the {H}ochschild cohomology
              of quadratic string algebras},
   JOURNAL = {Algebr. Represent. Theory},
  FJOURNAL = {Algebras and Representation Theory},
    VOLUME = {21},
      YEAR = {2018},
    NUMBER = {1},
     PAGES = {61--86},
      ISSN = {1386-923X,1572-9079},
   MRCLASS = {16E40 (16G20 16W99)},
  MRNUMBER = {3748354},
MRREVIEWER = {Patrick\ Le Meur},
       DOI = {10.1007/s10468-017-9704-1},
       URL = {https://doi.org/10.1007/s10468-017-9704-1},
}
@article {Sagan,
    AUTHOR = {Sagan, Bruce E.},
     TITLE = {Congruence properties of {$q$}-analogs},
   JOURNAL = {Adv. Math.},
  FJOURNAL = {Advances in Mathematics},
    VOLUME = {95},
      YEAR = {1992},
    NUMBER = {1},
     PAGES = {127--143},
      ISSN = {0001-8708,1090-2082},
   MRCLASS = {11B65 (05A30 11B73)},
  MRNUMBER = {1176155},
MRREVIEWER = {F.\ T.\ Howard},
       DOI = {10.1016/0001-8708(92)90046-N},
       URL = {https://doi.org/10.1016/0001-8708(92)90046-N},
}
@article {Zassenhaus,
    AUTHOR = {Zassenhaus, Hans},
     TITLE = {\"{U}ber {L}ie'sche {R}inge mit {P}rimzahlcharakteristik},
   JOURNAL = {Abh. Math. Sem. Univ. Hamburg},
  FJOURNAL = {Abhandlungen aus dem Mathematischen Seminar der
              Universit\"{a}t Hamburg},
    VOLUME = {13},
      YEAR = {1939},
    NUMBER = {1},
     PAGES = {1--100},
      ISSN = {0025-5858,1865-8784},
   MRCLASS = {99-04},
  MRNUMBER = {3069699},
       DOI = {10.1007/BF02940753},
       URL = {https://doi.org/10.1007/BF02940753},
}
@article {Tarjan,
    AUTHOR = {Tarjan, Robert},
     TITLE = {Depth-first search and linear graph algorithms},
   JOURNAL = {SIAM J. Comput.},
  FJOURNAL = {SIAM Journal on Computing},
    VOLUME = {1},
      YEAR = {1972},
    NUMBER = {2},
     PAGES = {146--160},
      ISSN = {0097-5397},
   MRCLASS = {05-04},
  MRNUMBER = {304178},
MRREVIEWER = {John\ Mylopoulos},
       DOI = {10.1137/0201010},
       URL = {https://doi.org/10.1137/0201010},
}
@article {Bit,
    AUTHOR = {Su\'{a}rez-\'{A}lvarez, Mariano},
     TITLE = {A little bit of extra functoriality for {E}xt and the
              computation of the {G}erstenhaber bracket},
   JOURNAL = {J. Pure Appl. Algebra},
  FJOURNAL = {Journal of Pure and Applied Algebra},
    VOLUME = {221},
      YEAR = {2017},
    NUMBER = {8},
     PAGES = {1981--1998},
      ISSN = {0022-4049,1873-1376},
   MRCLASS = {16E40 (16E05 16W25)},
  MRNUMBER = {3623179},
MRREVIEWER = {Eduardo\ do Nascimento Marcos},
       DOI = {10.1016/j.jpaa.2016.10.015},
       URL = {https://doi.org/10.1016/j.jpaa.2016.10.015},
}
@article {SA:structure,
    AUTHOR = {Su\'{a}rez-\'{A}lvarez, Mariano},
     TITLE = {Algebra structure on the {H}ochschild cohomology of the ring
              of invariants of a {W}eyl algebra under a finite group},
   JOURNAL = {J. Algebra},
  FJOURNAL = {Journal of Algebra},
    VOLUME = {248},
      YEAR = {2002},
    NUMBER = {1},
     PAGES = {291--306},
      ISSN = {0021-8693,1090-266X},
   MRCLASS = {16E40 (16S32 16W22)},
  MRNUMBER = {1879019},
MRREVIEWER = {Thorsten\ Holm},
       DOI = {10.1006/jabr.2001.9013},
       URL = {https://doi.org/10.1006/jabr.2001.9013},
}
@article {SZ,
    AUTHOR = {Stafford, J. Toby and Zhang, James J.},
     TITLE = {Examples in non-commutative projective geometry},
   JOURNAL = {Math. Proc. Cambridge Philos. Soc.},
  FJOURNAL = {Mathematical Proceedings of the Cambridge Philosophical
              Society},
    VOLUME = {116},
      YEAR = {1994},
    NUMBER = {3},
     PAGES = {415--433},
      ISSN = {0305-0041,1469-8064},
   MRCLASS = {14A22 (16P40)},
  MRNUMBER = {1291750},
MRREVIEWER = {Michel\ Van den Bergh},
       DOI = {10.1017/S0305004100072716},
       URL = {https://doi.org/10.1017/S0305004100072716},
}
@article {Sridharan,
    AUTHOR = {Sridharan, Ramaiyengar},
     TITLE = {Filtered algebras and representations of {L}ie algebras},
   JOURNAL = {Trans. Amer. Math. Soc.},
  FJOURNAL = {Transactions of the American Mathematical Society},
    VOLUME = {100},
      YEAR = {1961},
     PAGES = {530--550},
      ISSN = {0002-9947,1088-6850},
   MRCLASS = {17.30 (13.80)},
  MRNUMBER = {130900},
MRREVIEWER = {G.\ Leger},
       DOI = {10.2307/1993527},
       URL = {https://doi.org/10.2307/1993527},
}
@article {Smith,
    AUTHOR = {Smith, Martha K.},
     TITLE = {Automorphisms of enveloping algebras},
   JOURNAL = {Comm. Algebra},
  FJOURNAL = {Communications in Algebra},
    VOLUME = {11},
      YEAR = {1983},
    NUMBER = {16},
     PAGES = {1769--1802},
      ISSN = {0092-7872,1532-4125},
   MRCLASS = {17B35},
  MRNUMBER = {703235},
MRREVIEWER = {Anthony\ Joseph},
       DOI = {10.1080/00927878308822932},
       URL = {https://doi.org/10.1080/00927878308822932},
}
@book {Blue:3,
    AUTHOR = {Simson, Daniel and Skowro\'{n}ski, Andrzej},
     TITLE = {Elements of the representation theory of associative algebras.
              {V}ol. 3},
    SERIES = {London Mathematical Society Student Texts},
    VOLUME = {72},
      NOTE = {Representation-infinite tilted algebras},
 PUBLISHER = {Cambridge University Press, Cambridge},
      YEAR = {2007},
     PAGES = {xii+456},
      ISBN = {978-0-521-70876-0},
   MRCLASS = {16-02 (16Gxx)},
  MRNUMBER = {2382332},
MRREVIEWER = {Wolfgang\ Rump},
}
@article {Shirikov:3,
    AUTHOR = {Shirikov, Evgenij N.},
     TITLE = {The {J}ordanian plane},
   JOURNAL = {Fundam. Prikl. Mat.},
  FJOURNAL = {Fundamental\cprime naya i Prikladnaya Matematika},
    VOLUME = {13},
      YEAR = {2007},
    NUMBER = {2},
     PAGES = {217--230},
      ISSN = {1560-5159,2076-6203},
   MRCLASS = {16S37},
  MRNUMBER = {2322981},
MRREVIEWER = {V.\ A.\ Artamonov},
       DOI = {10.1007/s10958-008-9166-4},
       URL = {https://doi.org/10.1007/s10958-008-9166-4},
}
@article {Shirikov:2,
    AUTHOR = {Shirikov, Evgenij N.},
     TITLE = {The {J}ordan plane over a field of positive characteristic},
   JOURNAL = {Mat. Zametki},
  FJOURNAL = {Matematicheskie Zametki},
    VOLUME = {82},
      YEAR = {2007},
    NUMBER = {2},
     PAGES = {272--292},
      ISSN = {0025-567X,2305-2880},
   MRCLASS = {16S99},
  MRNUMBER = {2374905},
       DOI = {10.1134/S0001434607070292},
       URL = {https://doi.org/10.1134/S0001434607070292},
}
@article {Shirikov:1,
    AUTHOR = {Shirikov, Evgenij N.},
     TITLE = {Two-generated graded algebras},
   JOURNAL = {Algebra Discrete Math.},
  FJOURNAL = {Algebra and Discrete Mathematics},
      YEAR = {2005},
    NUMBER = {3},
     PAGES = {60--84},
      ISSN = {1726-3255},
   MRCLASS = {16W50},
  MRNUMBER = {2237896},
MRREVIEWER = {Vincenzo\ Carmine\ Nardozza},
}
@article {Sharir,
    AUTHOR = {Sharir, M.},
     TITLE = {A strong-connectivity algorithm and its applications in data
              flow analysis},
   JOURNAL = {Comput. Math. Appl.},
  FJOURNAL = {Computers \& Mathematics with Applications. An International
              Journal},
    VOLUME = {7},
      YEAR = {1981},
    NUMBER = {1},
     PAGES = {67--72},
      ISSN = {0898-1221,1873-7668},
   MRCLASS = {68E10 (68C05)},
  MRNUMBER = {593556},
       DOI = {10.1016/0898-1221(81)90008-0},
       URL = {https://doi.org/10.1016/0898-1221(81)90008-0},
}
@book {Serre,
    AUTHOR = {Serre, Jean-Pierre},
     TITLE = {Local fields},
    SERIES = {Graduate Texts in Mathematics},
    VOLUME = {67},
      NOTE = {Translated from the French by Marvin Jay Greenberg},
 PUBLISHER = {Springer-Verlag, New York-Berlin},
      YEAR = {1979},
     PAGES = {viii+241},
      ISBN = {0-387-90424-7},
   MRCLASS = {12Bxx},
  MRNUMBER = {554237},
}
@article{Strehl,
    AUTHOR = {Strehl, Volker},
     TITLE = {Zum {$q$}-{A}nalogon der {K}ongruenz von {L}ucas},
   JOURNAL = {S\'eminaire Lotharingien de Combinatoire},
      ISSN = {1286-4889},
    VOLUME = {5},
     PAGES = {B05d, 3p},
      YEAR = {1981},
 PUBLISHER = {Universit\"at Wien, Fakult\"at f\"ur Mathematik, Wien},
}
@article {Taft,
    AUTHOR = {Taft, Earl J.},
     TITLE = {The order of the antipode of finite-dimensional {H}opf
              algebra},
   JOURNAL = {Proc. Nat. Acad. Sci. U.S.A.},
  FJOURNAL = {Proceedings of the National Academy of Sciences of the United
              States of America},
    VOLUME = {68},
      YEAR = {1971},
     PAGES = {2631--2633},
      ISSN = {0027-8424},
   MRCLASS = {18.20},
  MRNUMBER = {286868},
MRREVIEWER = {K.-T.\ Chen},
       DOI = {10.1073/pnas.68.11.2631},
       URL = {https://doi.org/10.1073/pnas.68.11.2631},
}
@article {Jordan,
    AUTHOR = {Jordan, David A.},
     TITLE = {On the ideals of a {L}ie algebra of derivations},
   JOURNAL = {J. London Math. Soc. (2)},
  FJOURNAL = {Journal of the London Mathematical Society. Second Series},
    VOLUME = {33},
      YEAR = {1986},
    NUMBER = {1},
     PAGES = {33--39},
      ISSN = {0024-6107,1469-7750},
   MRCLASS = {17B60 (13B10)},
  MRNUMBER = {829385},
MRREVIEWER = {B.\ N.\ Allison},
       DOI = {10.1112/jlms/s2-33.1.33},
       URL = {https://doi.org/10.1112/jlms/s2-33.1.33},
}
@article {Siebert,
    AUTHOR = {Siebert, Thomas},
     TITLE = {Lie algebras of derivations and affine algebraic geometry over
              fields of characteristic {$0$}},
   JOURNAL = {Math. Ann.},
  FJOURNAL = {Mathematische Annalen},
    VOLUME = {305},
      YEAR = {1996},
    NUMBER = {2},
     PAGES = {271--286},
      ISSN = {0025-5831,1432-1807},
   MRCLASS = {17B66 (14A05 16W25)},
  MRNUMBER = {1391215},
MRREVIEWER = {Gordon\ E.\ Brown},
       DOI = {10.1007/BF01444221},
       URL = {https://doi.org/10.1007/BF01444221},
}
@article {Weinstein,
    AUTHOR = {Weinstein, Alan},
     TITLE = {The modular automorphism group of a {P}oisson manifold},
   JOURNAL = {J. Geom. Phys.},
  FJOURNAL = {Journal of Geometry and Physics},
    VOLUME = {23},
      YEAR = {1997},
    NUMBER = {3-4},
     PAGES = {379--394},
      ISSN = {0393-0440,1879-1662},
   MRCLASS = {58F05 (17B99 46L89 58F06)},
  MRNUMBER = {1484598},
MRREVIEWER = {Johannes\ Huebschmann},
       DOI = {10.1016/S0393-0440(97)80011-3},
       URL = {https://doi.org/10.1016/S0393-0440(97)80011-3},
}
@article {Keller,
    AUTHOR = {Keller, Bernhard},
     TITLE = {Hochschild cohomology and derived {P}icard groups},
   JOURNAL = {J. Pure Appl. Algebra},
  FJOURNAL = {Journal of Pure and Applied Algebra},
    VOLUME = {190},
      YEAR = {2004},
    NUMBER = {1-3},
     PAGES = {177--196},
      ISSN = {0022-4049,1873-1376},
   MRCLASS = {16E40 (16D90)},
  MRNUMBER = {2043327},
MRREVIEWER = {Cristodor\ Ionescu},
       DOI = {10.1016/j.jpaa.2003.10.030},
       URL = {https://doi.org/10.1016/j.jpaa.2003.10.030},
}
@article {Lowen,
    AUTHOR = {Lowen, Wendy},
     TITLE = {Hochschild cohomology, the characteristic morphism and derived
              deformations},
   JOURNAL = {Compos. Math.},
  FJOURNAL = {Compositio Mathematica},
    VOLUME = {144},
      YEAR = {2008},
    NUMBER = {6},
     PAGES = {1557--1580},
      ISSN = {0010-437X,1570-5846},
   MRCLASS = {18G60 (13D10 18E15 18E30)},
  MRNUMBER = {2474321},
MRREVIEWER = {Andrea\ Solotar},
       DOI = {10.1112/S0010437X08003655},
       URL = {https://doi.org/10.1112/S0010437X08003655},
}
@article {LSo,
    AUTHOR = {Lopes, Samuel A. and Solotar, Andrea},
     TITLE = {Lie structure on the {H}ochschild cohomology of a family of
              subalgebras of the {W}eyl algebra},
   JOURNAL = {J. Noncommut. Geom.},
  FJOURNAL = {Journal of Noncommutative Geometry},
    VOLUME = {15},
      YEAR = {2021},
    NUMBER = {4},
     PAGES = {1373--1407},
      ISSN = {1661-6952,1661-6960},
   MRCLASS = {16E40 (16S32 16S36 16W25)},
  MRNUMBER = {4357069},
MRREVIEWER = {Xiaolan\ Yu},
       DOI = {10.4171/jncg/439},
       URL = {https://doi.org/10.4171/jncg/439},
}
@book {Freudenburg,
    AUTHOR = {Freudenburg, Gene},
     TITLE = {Algebraic theory of locally nilpotent derivations},
    SERIES = {Encyclopaedia of Mathematical Sciences},
    VOLUME = {136},
   EDITION = {Second},
      NOTE = {Invariant Theory and Algebraic Transformation Groups, VII},
 PUBLISHER = {Springer-Verlag, Berlin},
      YEAR = {2017},
     PAGES = {xxii+319},
      ISBN = {978-3-662-55348-0; 978-3-662-55350-3},
   MRCLASS = {13N15 (13A50 14R05 14R10 14R15 14R20)},
  MRNUMBER = {3700208},
MRREVIEWER = {Adrien\ Dubouloz},
       DOI = {10.1007/978-3-662-55350-3},
       URL = {https://doi.org/10.1007/978-3-662-55350-3},
}
@article {CEW:1,
    AUTHOR = {Cuadra, Juan and Etingof, Pavel and Walton, Chelsea},
     TITLE = {Semisimple {H}opf actions on {W}eyl algebras},
   JOURNAL = {Adv. Math.},
  FJOURNAL = {Advances in Mathematics},
    VOLUME = {282},
      YEAR = {2015},
     PAGES = {47--55},
      ISSN = {0001-8708,1090-2082},
   MRCLASS = {16S32 (16T05)},
  MRNUMBER = {3374522},
MRREVIEWER = {Leonid\ Krop},
       DOI = {10.1016/j.aim.2015.05.014},
       URL = {https://doi.org/10.1016/j.aim.2015.05.014},
}
@article {CEW:2,
    AUTHOR = {Cuadra, Juan and Etingof, Pavel and Walton, Chelsea},
     TITLE = {Finite dimensional {H}opf actions on {W}eyl algebras},
   JOURNAL = {Adv. Math.},
  FJOURNAL = {Advances in Mathematics},
    VOLUME = {302},
      YEAR = {2016},
     PAGES = {25--39},
      ISSN = {0001-8708,1090-2082},
   MRCLASS = {16T05 (13A35 16S32 16W70)},
  MRNUMBER = {3545923},
MRREVIEWER = {Cristian\ Vay},
       DOI = {10.1016/j.aim.2016.07.009},
       URL = {https://doi.org/10.1016/j.aim.2016.07.009},
}
@article {EW,
    AUTHOR = {Etingof, Pavel and Walton, Chelsea},
     TITLE = {Finite dimensional {H}opf actions on algebraic quantizations},
   JOURNAL = {Algebra Number Theory},
  FJOURNAL = {Algebra \& Number Theory},
    VOLUME = {10},
      YEAR = {2016},
    NUMBER = {10},
     PAGES = {2287--2310},
      ISSN = {1937-0652,1944-7833},
   MRCLASS = {16T05 (13A35 16S38 16S80)},
  MRNUMBER = {3582020},
MRREVIEWER = {Ellen\ E.\ Kirkman},
       DOI = {10.2140/ant.2016.10.2287},
       URL = {https://doi.org/10.2140/ant.2016.10.2287},
}
@article {ASch,
    AUTHOR = {Andruskiewitsch, Nicol\'{a}s and Schneider, Hans-J\"{u}rgen},
     TITLE = {On the classification of finite-dimensional pointed {H}opf
              algebras},
   JOURNAL = {Ann. of Math. (2)},
  FJOURNAL = {Annals of Mathematics. Second Series},
    VOLUME = {171},
      YEAR = {2010},
    NUMBER = {1},
     PAGES = {375--417},
      ISSN = {0003-486X,1939-8980},
   MRCLASS = {16T05},
  MRNUMBER = {2630042},
MRREVIEWER = {Stefaan\ Caenepeel},
       DOI = {10.4007/annals.2010.171.375},
       URL = {https://doi.org/10.4007/annals.2010.171.375},
}
@article {LWW,
    AUTHOR = {Liu, Liyu and Wang, Shengqiang and Wu, Quanshui},
     TITLE = {Twisted {C}alabi-{Y}au property of {O}re extensions},
   JOURNAL = {J. Noncommut. Geom.},
  FJOURNAL = {Journal of Noncommutative Geometry},
    VOLUME = {8},
      YEAR = {2014},
    NUMBER = {2},
     PAGES = {587--609},
      ISSN = {1661-6952,1661-6960},
   MRCLASS = {16S36 (16E40 16E65)},
  MRNUMBER = {3275042},
MRREVIEWER = {Xiaolan\ Yu},
       DOI = {10.4171/JNCG/165},
       URL = {https://doi.org/10.4171/JNCG/165},
}
@article {Gerstenhaber:deformation,
    AUTHOR = {Gerstenhaber, Murray},
     TITLE = {On the deformation of rings and algebras},
   JOURNAL = {Ann. of Math. (2)},
  FJOURNAL = {Annals of Mathematics. Second Series},
    VOLUME = {79},
      YEAR = {1964},
     PAGES = {59--103},
      ISSN = {0003-486X},
   MRCLASS = {16.90 (13.93)},
  MRNUMBER = {171807},
MRREVIEWER = {D.\ Zelinsky},
       DOI = {10.2307/1970484},
       URL = {https://doi.org/10.2307/1970484},
}
